@misc{joven-2011,
	author = {Joven, Por Juan Fernando Varela},
	month = {5},
	title = {{Qué es el sistema de navegación » Estrategias de mercadeo en Internet (EMI)}},
	year = {2011},
	url = {https://www.icesi.edu.co/blogs_estudiantes/zorro/2011/05/25/que-es-el-sistema-de-navegacion/#:~:text=Los%20sistemas%20de%20navegaci%C3%B3n%20son,que%20componen%20el%20sitio%20web.},
}
@misc{huet-2023,
	author = {Huet, Pablo},
	month = {4},
	title = {{Arquitectura de software: qué es y qué tipos existen}},
	year = {2023},
	url = {https://openwebinars.net/blog/arquitectura-de-software-que-es-y-que-tipos-existen/},
}